<?xml version="1.0" encoding="UTF-8"?>
<marc:collection xmlns:marc="http://www.loc.gov/MARC21/slim" xmlns:xsi="http://www.w3.org/2001/XMLSchema-instance" xsi:schemaLocation="http://www.loc.gov/MARC21/slim http://www.loc.gov/standards/marcxml/schema/MARC21slim.xsd">
   <marc:record type="Bibliographic">
      <marc:leader>03776cam a2200409 a 4500</marc:leader>
      <marc:controlfield tag="001">2700614</marc:controlfield>
      <marc:controlfield tag="003">NjP</marc:controlfield>
      <marc:controlfield tag="005">20121218090343.0</marc:controlfield>
      <marc:controlfield tag="008">000117s1886    mr            000 0 ara d</marc:controlfield>
      <marc:datafield tag="024" ind1="7" ind2=" ">
         <marc:subfield code="a">princeton_aco000568</marc:subfield>
         <marc:subfield code="2">local</marc:subfield>
      </marc:datafield>
      <marc:datafield tag="035" ind1=" " ind2=" ">
         <marc:subfield code="a">(OCoLC)ocn178300802</marc:subfield>
      </marc:datafield>
      <marc:datafield tag="040" ind1=" " ind2=" ">
         <marc:subfield code="a">NjP</marc:subfield>
         <marc:subfield code="c">PUL</marc:subfield>
         <marc:subfield code="d">PUL</marc:subfield>
      </marc:datafield>
      <marc:datafield tag="035" ind1=" " ind2=" ">
         <marc:subfield code="a">(OCoLC)178300802</marc:subfield>
      </marc:datafield>
      <marc:datafield tag="035" ind1=" " ind2=" ">
         <marc:subfield code="9">CMW3436TS</marc:subfield>
      </marc:datafield>
      <marc:datafield tag="035" ind1=" " ind2=" ">
         <marc:subfield code="a">(NjP)2700614</marc:subfield>
      </marc:datafield>
      <marc:datafield tag="079" ind1=" " ind2=" ">
         <marc:subfield code="a">ocm82001278</marc:subfield>
      </marc:datafield>
      <marc:datafield tag="049" ind1=" " ind2=" ">
         <marc:subfield code="a">PULL</marc:subfield>
      </marc:datafield>
      <marc:datafield tag="100" ind1="0" ind2=" ">
         <marc:subfield code="6">880-01</marc:subfield>
         <marc:subfield code="a">Māʼ al-ʻAynayn ibn Muḥammad Fāḍil ibn Māmayn,</marc:subfield>
         <marc:subfield code="d">1831-1910.</marc:subfield>
      </marc:datafield>
      <marc:datafield tag="245" ind1="1" ind2="0">
         <marc:subfield code="6">880-02</marc:subfield>
         <marc:subfield code="a">Munīl al-bashsh fīman yaẓilluhum Allāh bi-ẓill al-ʻarsh, aw, Munīl al-ʻabd mināhu fīman yaẓilluhum Allāh /</marc:subfield>
         <marc:subfield code="c">lil-Shaykh Abī ʻAbd Allāh Muḥammad Muṣṭafá Māʼ al-ʻAynayn ibn Muḥammad Fāḍil ibn Māmayn al-Sharīf al-Ḥasanī al-Idrīsī al-Shangīṭī.</marc:subfield>
      </marc:datafield>
      <marc:datafield tag="246" ind1="3" ind2="0">
         <marc:subfield code="6">880-03</marc:subfield>
         <marc:subfield code="a">Munīl al-bashsh fīman yaẓilluhum Allāh bi-ẓill al-ʻarsh</marc:subfield>
      </marc:datafield>
      <marc:datafield tag="246" ind1="3" ind2="0">
         <marc:subfield code="6">880-04</marc:subfield>
         <marc:subfield code="a">Munīl al-ʻabd mināhu fīman yaẓilluhum Allāh</marc:subfield>
      </marc:datafield>
      <marc:datafield tag="260" ind1=" " ind2=" ">
         <marc:subfield code="a">[Morocco? :</marc:subfield>
         <marc:subfield code="b">s.n.],</marc:subfield>
         <marc:subfield code="c">1303 [1886]</marc:subfield>
      </marc:datafield>
      <marc:datafield tag="300" ind1=" " ind2=" ">
         <marc:subfield code="a">35, [4] p. ;</marc:subfield>
         <marc:subfield code="c">22 cm.</marc:subfield>
      </marc:datafield>
      <marc:datafield tag="590" ind1=" " ind2=" ">
         <marc:subfield code="6">880-05</marc:subfield>
         <marc:subfield code="a">With: Sahl al-murtaqī fī al-ḥathth ʻalá al-tuqá / li-Shaykh Māʼ al-ʻAynayn ibn Muḥammad Fāḍil. [Morocco? : s.n.], 1320 [1902] -- Khalāṣ fī ḥaqīqat al-ikhlāṣ / li-quṭb Māʼ al-ʻAynayn ibn Muḥammad Fāḍil ibn Māmayn. [Morocco? : s.n.], 1320 [1903] -- Majmūʻah ishtamala ʻalá sabʻ faḍāʼil fī madḥ ... Muḥammad Muṣṭafá Māʼ al-ʻAynayn. [Morocco?] : Maṭbaʻat al-Akbar al-Sayyid ʻAbd al-Salām al-Dhuwayb, [18--?].  Bound together subsequent to publication.</marc:subfield>
      </marc:datafield>
      <marc:datafield tag="590" ind1=" " ind2=" ">
         <marc:subfield code="a">With: Sahl al-murtaqī fī al-ḥathth ʻalá al-tuqá / li-Shaykh Māʾ al-ʻAynayn ibn Muḥammad Fāḍil. [Morocco? : s.n.], 1320 [1902] -- Khalāṣ fī ḥaqīqat al-ikhlāṣ / li-quṭb Māʾ al-ʻAynayn ibn Muḥammad Fāḍil ibn Māmayn. [Morocco? : s.n.], 1320 [1903] -- Majmūʻah ishtamala ʻalá sabʻ faḍāʾil fī madḥ ... Muḥammad Muṣṭafá Māʾ al-ʻAynayn. [Morocco?] : Maṭbaʻat al-Akbar al-Sayyid ʻAbd al-Salām al-Dhuwayb, [18--?].  Bound together subsequent to publication.</marc:subfield>
      </marc:datafield>
      <marc:datafield tag="650" ind1=" " ind2="0">
         <marc:subfield code="a">Worship (Islam)</marc:subfield>
      </marc:datafield>
      <marc:datafield tag="600" ind1="1" ind2="0">
         <marc:subfield code="6">880-06</marc:subfield>
         <marc:subfield code="a">Qastallānī, Aḥmad ibn Muḥammad,</marc:subfield>
         <marc:subfield code="d">1447 or 8-1517 or 18.</marc:subfield>
         <marc:subfield code="t">Irshād al-sārī ilá sharḥ al-Bukhārī.</marc:subfield>
      </marc:datafield>
      <marc:datafield tag="655" ind1=" " ind2="7">
         <marc:subfield code="a">Lithographs</marc:subfield>
         <marc:subfield code="z">Morocco</marc:subfield>
         <marc:subfield code="y">1886</marc:subfield>
         <marc:subfield code="2">gmgpc</marc:subfield>
      </marc:datafield>
      <marc:datafield tag="880" ind1="0" ind2=" ">
         <marc:subfield code="6">100-01/r</marc:subfield>
         <marc:subfield code="a">ماء العينين بن محمد فاضل بن مامين،</marc:subfield>
         <marc:subfield code="d">1831-1910.</marc:subfield>
      </marc:datafield>
      <marc:datafield tag="880" ind1="1" ind2="0">
         <marc:subfield code="6">245-02/r</marc:subfield>
         <marc:subfield code="a">منيل البش فيمن يظلهم الله بظل العرش، او، منيل العبد مناه فيمن يظلهم الله /</marc:subfield>
         <marc:subfield code="c">للشيخ ابي عبد الله محمد مصطفى ماء العينين بن محمد فاضل بن مامين الشريف الحسني الادريسي الشنگيطي.</marc:subfield>
      </marc:datafield>
      <marc:datafield tag="880" ind1="3" ind2="0">
         <marc:subfield code="6">246-03/r</marc:subfield>
         <marc:subfield code="a">منيل البش فيمن يظلهم الله بظل العرش</marc:subfield>
      </marc:datafield>
      <marc:datafield tag="880" ind1="3" ind2="0">
         <marc:subfield code="6">246-04/r</marc:subfield>
         <marc:subfield code="a">منيل العبد مناه فيمن يظلهم الله</marc:subfield>
      </marc:datafield>
      <marc:datafield tag="880" ind1=" " ind2=" ">
         <marc:subfield code="6">590-05/r</marc:subfield>
         <marc:subfield code="a">With: سهل المرتقي في الحث على التقى / لشيخ ماء العينين بن محمد فاضل. [مر؟ : s.n.]، 1320 [1902]  خلاص في حقيقة الاخلاص / لقطب ماء العينين بن محمد فاضل بن مامين. [مر؟ : s.n.]، 1320 [1903]  مجموعة اشتمل على سبع فضائل في مدح ... محمد مصطفى ماء العينين. [مر؟] : مطبعة الاكبر السيد عبد السلام الذويب، [18-؟].  بند تگثر سبسقنت ت پبلتن.</marc:subfield>
      </marc:datafield>
      <marc:datafield tag="880" ind1="1" ind2="0">
         <marc:subfield code="6">600-06/r</marc:subfield>
         <marc:subfield code="a">قستلاني، احمد بن محمد،</marc:subfield>
         <marc:subfield code="d">1447 or 8-1517 or 18.</marc:subfield>
         <marc:subfield code="t">ارشاد الساري الى شرح البخاري.</marc:subfield>
      </marc:datafield>
      <marc:datafield tag="948" ind1=" " ind2=" ">
         <marc:subfield code="a">jeb</marc:subfield>
      </marc:datafield>
      <marc:datafield tag="911" ind1=" " ind2=" ">
         <marc:subfield code="a">20000117</marc:subfield>
      </marc:datafield>
      <marc:datafield tag="912" ind1=" " ind2=" ">
         <marc:subfield code="a">20000118040054.0</marc:subfield>
      </marc:datafield>
      <marc:datafield tag="994" ind1=" " ind2=" ">
         <marc:subfield code="a">C0</marc:subfield>
         <marc:subfield code="b">PUL</marc:subfield>
      </marc:datafield>
      <marc:datafield tag="999" ind1=" " ind2=" ">
         <marc:subfield code="a">2700614</marc:subfield>
      </marc:datafield>
   </marc:record>
</marc:collection>
